<record><leader>00000cas a22000007a 4500</leader><controlfield tag="001">7826669</controlfield><controlfield tag="008">811007d19641981txudr ne      0    0eng d</controlfield><datafield ind1=" " ind2=" " tag="010"><subfield code="a">sn 87090654 </subfield></datafield><datafield ind1=" " ind2=" " tag="040"><subfield code="a">TXA</subfield><subfield code="b">eng</subfield><subfield code="c">TXA</subfield><subfield code="d">PPM</subfield><subfield code="d">OCLCQ</subfield></datafield><datafield ind1=" " ind2=" " tag="042"><subfield code="a">msc</subfield></datafield><datafield ind1="0" ind2="4" tag="245"><subfield code="a">The Daily sun.</subfield></datafield><datafield ind1=" " ind2=" " tag="260"><subfield code="a">Texas City, Tex. :</subfield><subfield code="b">Galveston County Pub. Co.</subfield></datafield><datafield ind1=" " ind2=" " tag="310"><subfield code="a">Daily</subfield></datafield><datafield ind1="1" ind2=" " tag="362"><subfield code="a">Began Apr. 2, 1964; ceased Nov. 27, 1981.</subfield></datafield><datafield ind1=" " ind2=" " tag="588"><subfield code="a">Description based on: Vol. 54, no. 210 (Apr. 2, 1964).</subfield></datafield><datafield ind1=" " ind2=" " tag="752"><subfield code="a">United States</subfield><subfield code="b">Texas</subfield><subfield code="c">Galveston</subfield><subfield code="d">Texas City.</subfield></datafield><datafield ind1="0" ind2="0" tag="780"><subfield code="t">Texas City sun</subfield><subfield code="w">(DLC)sn 87090176</subfield></datafield><datafield ind1="0" ind2="0" tag="785"><subfield code="t">Texas City sun</subfield></datafield></record>